@misc{blog_policy_gradient,
  title   = "{Policy Gradient Algorithms}",
  author  = "Weng, Lilian",
  journal = "lilianweng.github.io/lil-log",
  year    = "2018",
  note    = "[Online; accessed 9-Aug-2021]",
  url     = "https://lilianweng.github.io/lil-log/2018/04/08/policy-gradient-algorithms.html"
}

@misc{blog_reinforcement_learning,
  title   = "{A (Long) Peek into Reinforcement Learning}",
  author  = "Weng, Lilian",
  journal = "lilianweng.github.io/lil-log",
  year    = "2018",
  note    = "[Online; accessed 9-Aug-2021]",
  url     = "https://lilianweng.github.io/lil-log/2018/02/19/a-long-peek-into-reinforcement-learning.html"
}

@misc{blog_alphago_tutorial,
  title   = "{A Simple Alpha(Go) Zero Tutorial}",
  author  = "Surag Nair",
  journal = "web.stanford.edu",
  year    = "2017",
  month   = "December",
  day     = "29",
  note    = "[Online; accessed 9-Aug-2021]",
  url     = "https://web.stanford.edu/~surag/posts/alphazero.html"
}

@article{paper_resnet,
  author    = {Kaiming He and
               Xiangyu Zhang and
               Shaoqing Ren and
               Jian Sun},
  title     = {Deep Residual Learning for Image Recognition},
  journal   = {CoRR},
  volume    = {abs/1512.03385},
  year      = {2015},
  url       = {http://arxiv.org/abs/1512.03385},
  archivePrefix = {arXiv},
  eprint    = {1512.03385},
  timestamp = {Wed, 17 Apr 2019 17:23:45 +0200},
  biburl    = {https://dblp.org/rec/journals/corr/HeZRS15.bib},
  bibsource = {dblp computer science bibliography, https://dblp.org}
}

@article{paper_alphago,
  added-at = {2016-05-21T09:09:48.000+0200},
  author = {Silver, David and Huang, Aja and Maddison, Chris J. and Guez, Arthur and Sifre, Laurent and van den Driessche, George and Schrittwieser, Julian and Antonoglou, Ioannis and Panneershelvam, Veda and Lanctot, Marc and Dieleman, Sander and Grewe, Dominik and Nham, John and Kalchbrenner, Nal and Sutskever, Ilya and Lillicrap, Timothy and Leach, Madeleine and Kavukcuoglu, Koray and Graepel, Thore and Hassabis, Demis},
  doi = {10.1038/nature16961},
  issn = {0028-0836},
  journal = {Nature},
  month = {January},
  number = 7587,
  pages = {484-489},
  timestamp = {2018-04-16T12:03:12.000+0200},
  title = {Mastering the Game of {Go} with Deep Neural Networks and Tree Search},
  username = {flint63},
  volume = 529,
  year = 2016
}

@article{paper_impala,
  author    = {Lasse Espeholt and
               Hubert Soyer and
               R{\'{e}}mi Munos and
               Karen Simonyan and
               Volodymyr Mnih and
               Tom Ward and
               Yotam Doron and
               Vlad Firoiu and
               Tim Harley and
               Iain Dunning and
               Shane Legg and
               Koray Kavukcuoglu},
  title     = {{IMPALA:} Scalable Distributed Deep-RL with Importance Weighted Actor-Learner
               Architectures},
  journal   = {CoRR},
  volume    = {abs/1802.01561},
  year      = {2018},
  url       = {http://arxiv.org/abs/1802.01561},
  archivePrefix = {arXiv},
  eprint    = {1802.01561},
  timestamp = {Mon, 13 Aug 2018 16:46:52 +0200},
  biburl    = {https://dblp.org/rec/journals/corr/abs-1802-01561.bib},
  bibsource = {dblp computer science bibliography, https://dblp.org}
}

@article{paper_off_policy,
  author    = {Thomas Degris and
               Martha White and
               Richard S. Sutton},
  title     = {Off-Policy Actor-Critic},
  journal   = {CoRR},
  volume    = {abs/1205.4839},
  year      = {2012},
  url       = {http://arxiv.org/abs/1205.4839},
  archivePrefix = {arXiv},
  eprint    = {1205.4839},
  timestamp = {Mon, 13 Aug 2018 16:49:01 +0200},
  biburl    = {https://dblp.org/rec/journals/corr/abs-1205-4839.bib},
  bibsource = {dblp computer science bibliography, https://dblp.org}
}

@book{book_rl,
  added-at = {2019-07-13T10:11:53.000+0200},
  author = {Sutton, Richard S. and Barto, Andrew G.},
  biburl = {https://www.bibsonomy.org/bibtex/2f46601cf8b13d39d1378af0d79438b12/lanteunis},
  edition = {Second},
  interhash = {ac6b144aaec1819919a2fba9f705c852},
  intrahash = {f46601cf8b13d39d1378af0d79438b12},
  keywords = {},
  publisher = {The MIT Press},
  timestamp = {2019-07-13T10:11:53.000+0200},
  title = {Reinforcement Learning: An Introduction},
  url = {http://incompleteideas.net/book/the-book-2nd.html},
  year = {2018}
}

@article{paper_othello,
  author = "{Shantanu Thakoor, Surag Nair, Megha Jhunjhunwala}",
  title = "{Learning to Play Othello Without Human Knowledge}",
  journal = "{Stanford University CS238 Final Project Report}",
  month = {December},
  year = 2017
}

@misc{repo_handyrl,
    author       = "{DeNA}",
    title        = "{HandyRL: Python and PyTorch for Distributed Reinforcement Learning}",
    year         = "2021",
    howpublished = "\url{https://github.com/DeNA/HandyRL/}",
    note         = "[Github; accessed 9-Aug-2021]",
    journal      = {Github}
}

@misc{repo_MCTS,
    author       = "{Surag Nair}",
    title        = "{Alpha Zero General, any game, any framework}",
    year         = "2019",
    howpublished = "\url{https://github.com/suragnair/alpha-zero-general/blob/master/MCTS.py}",
    note         = "[Github; accessed 9-Aug-2021]",
    journal      = {Github}
}

@misc{repo_kaggle_environments,
    author       = "{Kaggle}",
    title        = "{Kaggle Environments}",
    year         = "2021",
    howpublished = "\url{https://github.com/Kaggle/kaggle-environments}",
    note         = "[Github; accessed 9-Aug-2021]",
    journal      = {Github}
}

@misc{comment_agent_score_distribution,
    author       = "{robga}",
    title        = "{Distribution of Scores of Submitted Agents}",
    year         = "2021",
    month        = "July",
    day          = "30",
    howpublished = "\url{https://www.kaggle.com/c/hungry-geese/discussion/230794#1404158}",
    note         = "[Kaggle Discussions; accessed 9-Aug-2021]",
    journal      = {Kaggle Discussions}
}

% this one just reference main notebook
@misc{comment_one_pixel_segmentation,
    author       = "{yuricat}",
    title        = "{One Pixel Segmentation}",
    year         = "2021",
    month        = "March",
    day          = "30",
    howpublished = "\url{https://www.kaggle.com/yuricat/smart-geese-trained-by-reinforcement-learning/comments#1231674}",
    note         = "[Kaggle Notebooks; accessed 9-Aug-2021]",
    journal      = {Kaggle Notebooks}
}

@misc{discussion_PubHRL_parameters,
    author       = "{kyazuki}",
    title        = "{[HandyRL] Enjoy Distributed Reinforcement Learning (Rating ~1100, February 10)}",
    year         = "2021",
    month        = "January",
    day          = "30",
    howpublished = "\url{https://www.kaggle.com/c/hungry-geese/discussion/255931}",
    note         = "[Kaggle Discussions; accessed 9-Aug-2021]",
    journal      = {Kaggle Discussions}
}

@misc{sharing_robga,
    author       = "{robga}",
    title        = "{Top ten solution: RL with LookAhead, Floodfill, and Rules}",
    year         = "2021",
    month        = "July",
    day          = "30",
    howpublished = "\url{https://www.kaggle.com/c/hungry-geese/discussion/255931}",
    note         = "[Kaggle Discussions; accessed 9-Aug-2021]",
    journal      = {Kaggle Discussions}
}

@misc{sharing_ironbar,
    author       = "{ironbar}",
    title        = "{Deep Q* Learning with simplified game ~1200}",
    year         = "2021",
    month        = "July",
    day          = "28",
    howpublished = "\url{https://www.kaggle.com/c/hungry-geese/discussion/255440}",
    note         = "[Kaggle Discussions; accessed 9-Aug-2021]",
    journal      = {Kaggle Discussions}
}

@misc{notebook_agents_comparison,
    author       = "Yaroslav Isaienkov",
    title        = "{Hungry Geese - Agents Comparison}",
    year         = "2021",
    month        = "January",
    day          = "29",
    howpublished = "\url{https://www.kaggle.com/ihelon/hungry-geese-agents-comparison}",
    note         = "[Kaggle Notebooks; accessed 9-Aug-2021]",
    journal      = {Kaggle Notebooks}
}

@misc{notebook_boilergoose,
    author       = "{superant}",
    title        = "{Mighty BoilerGoose with Flood fill}",
    year         = "2021",
    month        = "February",
    day          = "29",
    howpublished = "\url{https://www.kaggle.com/superant/mighty-boilergoose-with-flood-fill}",
    note         = "[Kaggle Notebooks; accessed 9-Aug-2021]",
    journal      = {Kaggle Notebooks}
}

@misc{notebook_risk_adverse_greedy,
    author       = "{ilialar}",
    title        = "{Risk Averse Greedy Goose}",
    year         = "2021",
    month        = "February",
    day          = "29",
    howpublished = "\url{https://www.kaggle.com/ilialar/risk-averse-greedy-goose}",
    note         = "[Kaggle Notebooks; accessed 9-Aug-2021]",
    journal      = {Kaggle Notebooks}
}

@misc{notebook_crazy_goose,
    author       = "{gabrielmilan}",
    title        = "{Crazy Goose}",
    year         = "2021",
    month        = "February",
    day          = "29",
    howpublished = "\url{https://www.kaggle.com/gabrielmilan/crazy-goose}",
    note         = "[Kaggle Notebooks; accessed 9-Aug-2021]",
    journal      = {Kaggle Notebooks}
}

@misc{notebook_pubhrl,
    author       = "yuricat",
    title        = "{Smart Geese Trained by Reinforcement Learning}",
    year         = "2021",
    month        = "January",
    day          = "29",
    howpublished = "\url{https://www.kaggle.com/yuricat/smart-geese-trained-by-reinforcement-learning}",
    note         = "[Kaggle Notebooks; accessed 9-Aug-2021]",
    journal      = {Kaggle Notebooks}
}

@misc{notebook_alphageese_baseline,
    author       = "{shoheiazuma}",
    title        = "{AlphaGeese Baseline}",
    year         = "2021",
    month        = "April",
    day          = "29",
    howpublished = "\url{https://www.kaggle.com/shoheiazuma/alphageese-baseline}",
    note         = "[Kaggle Notebooks; accessed 9-Aug-2021]",
    journal      = {Kaggle Notebooks}
}

@misc{notebook_alphageese_imitation,
    author       = "{shoheiazuma}",
    title        = "{AlphaGoose Simple Solution}",
    year         = "2021",
    month        = "April",
    day          = "29",
    howpublished = "\url{https://www.kaggle.com/shoheiazuma/alphageese-simple-solution/}",
    note         = "[Kaggle Notebooks; accessed 9-Aug-2021]",
    journal      = {Kaggle Notebooks}
}

@misc{notebook_scraper,
    author       = "{robga}",
    title        = "{Simulations Episode Scraper Match Downloader}",
    year         = "2021",
    month        = "March",
    day          = "29",
    howpublished = "\url{https://www.kaggle.com/robga/simulations-episode-scraper-match-downloader}",
    note         = "[Kaggle Notebooks; accessed 9-Aug-2021]",
    journal      = {Kaggle Notebooks}
}

@misc{game_rules,
    author       = "{Kaggle}",
    title        = "{Hungry Geese - Rules of Play}",
    year         = "2021",
    month        = "January",
    day          = "26",
    howpublished = "\url{https://www.kaggle.com/c/hungry-geese/overview/rules-of-play}",
    note         = "[Kaggle; accessed 9-Aug-2021]",
    journal      = {Kaggle}
}

@misc{website_onnx,
    author       = "{Microsoft}",
    title        = "{ONNX Runtime | About}",
    year         = "2021",
    howpublished = "\url{https://www.onnxruntime.ai/about.html}",
    note         = "[Online; accessed 9-Aug-2021]"
}

@misc{website_google_compute_engine_pricing,
    author       = "{Google Cloud}",
    title        = "{Compute Engine pricing}",
    year         = "2021",
    howpublished = "\url{https://cloud.google.com/compute/all-pricing}",
    note         = "[Online; accessed 9-Aug-2021]"
}




% todo, add the journal to the note so that it shows

